@inproceedings{10.1145/3342195.3387524,
author = {Rzadca, Krzysztof and Findeisen, Pawel and Swiderski, Jacek and Zych, Przemyslaw and Broniek, Przemyslaw and Kusmierek, Jarek and Nowak, Pawel and Strack, Beata and Witusowski, Piotr and Hand, Steven and Wilkes, John},
title = {Autopilot: Workload Autoscaling at Google},
year = {2020},
isbn = {9781450368827},
publisher = {Association for Computing Machinery},
address = {New York, NY, USA},
url = {https://doi.org/10.1145/3342195.3387524},
doi = {10.1145/3342195.3387524},
booktitle = {Proceedings of the Fifteenth European Conference on Computer Systems},
articleno = {16},
numpages = {16},
location = {Heraklion, Greece},
series = {EuroSys '20}
}

@inproceedings{43438,
author	= {Abhishek Verma and Luis Pedrosa and Madhukar R. Korupolu and David Oppenheimer and Eric Tune and John Wilkes},
title	= {Large-scale cluster management at {Google} with {Borg}},
year	= {2015},
booktitle	= {Proceedings of the European Conference on Computer Systems (EuroSys)},
address	= {Bordeaux, France}
}

@InProceedings{cortez2017resource,
author = {Cortez, Eli and Bonde, Anand and Muzio, Alexandre and Russinovich, Mark and Fontoura, Marcus and Bianchini, Ricardo},
title = {Resource Central: Understanding and Predicting Workloads for Improved Resource Management in Large Cloud Platforms},
booktitle = {Proceedings of the International Symposium on Operating Systems Principles (SOSP)},
year = {2017},
month = {October},
url = {https://www.microsoft.com/en-us/research/publication/resource-central-understanding-predicting-workloads-improved-resource-management-large-cloud-platforms/},
edition = {Proceedings of the International Symposium on Operating Systems Principles (SOSP)},
}

@inproceedings{10.1145/3342195.3387517,
author = {Tirmazi, Muhammad and Barker, Adam and Deng, Nan and Haque, Md E. and Qin, Zhijing Gene and Hand, Steven and Harchol-Balter, Mor and Wilkes, John},
title = {Borg: The next Generation},
year = {2020},
isbn = {9781450368827},
publisher = {Association for Computing Machinery},
address = {New York, NY, USA},
url = {https://doi.org/10.1145/3342195.3387517},
doi = {10.1145/3342195.3387517},
booktitle = {Proceedings of the Fifteenth European Conference on Computer Systems},
articleno = {30},
numpages = {14},
keywords = {data centers, cloud computing},
location = {Heraklion, Greece},
series = {EuroSys '20}
}

@inproceedings{10.1145/3190508.3190515,
author = {Park, Jun Woo and Tumanov, Alexey and Jiang, Angela and Kozuch, Michael A. and Ganger, Gregory R.},
title = {3Sigma: Distribution-Based Cluster Scheduling for Runtime Uncertainty},
year = {2018},
isbn = {9781450355841},
publisher = {Association for Computing Machinery},
address = {New York, NY, USA},
url = {https://doi.org/10.1145/3190508.3190515},
doi = {10.1145/3190508.3190515},
booktitle = {Proceedings of the Thirteenth EuroSys Conference},
articleno = {2},
numpages = {17},
location = {Porto, Portugal},
series = {EuroSys '18}
}

@inproceedings{Liu2016OnlineAA,
title={Online ARIMA Algorithms for Time Series Prediction},
author={Chenghao Liu and S. Hoi and P. Zhao and Jianling Sun},
booktitle={AAAI},
year={2016}
}

@article{PAN20161,
title = "Bootstrap prediction intervals for linear, nonlinear and nonparametric autoregressions",
journal = "Journal of Statistical Planning and Inference",
volume = "177",
pages = "1 - 27",
year = "2016",
issn = "0378-3758",
doi = "https://doi.org/10.1016/j.jspi.2014.10.003",
url = "http://www.sciencedirect.com/science/article/pii/S037837581400175X",
author = "Li Pan and Dimitris N. Politis",
keywords = "Confidence intervals, Forecasting, Time series"
}

@article{BONDON20091761,
title = "Estimation of autoregressive models with epsilon-skew-normal innovations",
journal = "Journal of Multivariate Analysis",
volume = "100",
number = "8",
pages = "1761 - 1776",
year = "2009",
issn = "0047-259X",
doi = "https://doi.org/10.1016/j.jmva.2009.02.006",
url = "http://www.sciencedirect.com/science/article/pii/S0047259X09000360",
author = "Pascal Bondon",
keywords = "Non-Gaussian time series, Autoregression, Maximum likelihood
estimation, Skewness, Skew-normal distribution"
}

@article{10.2307/2290724,
issn = {01621459},
url = {http://www.jstor.org/stable/2290724},
author = {Chung Chen and Lon-Mu Liu},
journal = {Journal of the American Statistical Association},
number = {421},
pages = {284--297},
publisher = {[American Statistical Association, Taylor & Francis, Ltd.]},
title = {Joint Estimation of Model Parameters and Outlier Effects in Time Series},
volume = {88},
year = {1993}
}

@article{10.2307/2346970,
ISSN = {00359254, 14679876},
URL = {http://www.jstor.org/stable/2346970},
author = {T. Ozaki},
journal = {Journal of the Royal Statistical Society. Series C (Applied Statistics)},
number = {3},
pages = {290--301},
publisher = {[Wiley, Royal Statistical Society]},
title = {On the Order Determination of ARIMA Models},
volume = {26},
year = {1977}
}

@article{5.4.374,
author = {Tang, Zaiyong and Fishwick, Paul},
year = {1993},
month = {11},
pages = {374-385},
title = {Feedforward Neural Nets as Models for Time Series Forecasting},
volume = {5},
journal = {INFORMS Journal on Computing},
doi = {10.1287/ijoc.5.4.374}
}

@article{911175,
author={S. A. {Dyer} and J. S. {Dyer}},
journal={IEEE Instrumentation and Measurement Magazine}, 
title={Cubic-spline interpolation. 1}, 
year={2001},
volume={4},
number={1},
pages={44-46},
doi={10.1109/5289.911175},
ISSN={1941-0123},
month={March}
}

@article{10.1371/journal.pone.0139931,
author = {Pinto, Rafael Coimbra AND Engel, Paulo Martins},
journal = {PLOS ONE},
publisher = {Public Library of Science},
title = {A Fast Incremental Gaussian Mixture Model},
year = {2015},
month = {10},
volume = {10},
url = {https://doi.org/10.1371/journal.pone.0139931},
pages = {1-12},
number = {10},
doi = {10.1371/journal.pone.0139931}
} 

@article{756006.1756034,
author = {Ben-Haim, Yael and Tom-Tov, Elad},
year = {2010},
month = {02},
pages = {849-872},
title = {A Streaming Parallel Decision Tree Algorithm},
volume = {11},
journal = {Journal of Machine Learning Research},
doi = {10.1145/1756006.1756034}
}

@article{10.2307/24306157,
ISSN = {10170405, 19968507},
URL = {http://www.jstor.org/stable/24306157},
author = {Wei-Yin Loh and Yu-Shan Shih},
journal = {Statistica Sinica},
number = {4},
pages = {815--840},
publisher = {Institute of Statistical Science, Academia Sinica},
title = {SPLIT SELECTION METHODS FOR CLASSIFICATION TREES},
volume = {7},
year = {1997}
}

@article{kes11336-014-9413-1y,
author = {Zhou Y, McArdle JJ},
title = {Rationale and Applications of Survival Tree and Survival Ensemble Methods},
journal = {Psychometrika},
volume = {80},
number = {3},
year = {2015},
month = {09},
doi = {10.1007/s11336-014-9413-1},
pages = {811-33},
}

@book{Breimanbook,
author = {Breiman, L},
year = {1984},
month = {01},
pages = {},
title = {Classification and regression trees}
}

@article{LeBlanc,
author = {LeBlanc M, Crowley J},
title = {Relative risk trees for censored survival data},
journal = {Biometrics},
volume = {48},
number = {2},
year = {1992},
month = {06},
pages = {411-25},
}

@article{Freedman1981,
author={Freedman, David and Diaconis, Persi},
title={On the histogram as a density estimator:L2 theory},
journal={Zeitschrift f{\"u}r Wahrscheinlichkeitstheorie und Verwandte Gebiete},
year={1981},
month={Dec},
day={01},
volume={57},
number={4},
pages={453-476},
issn={1432-2064},
doi={10.1007/BF01025868},
url={https://doi.org/10.1007/BF01025868}
}